@online{AwatiBusFactor,
   author={Awati, Kailash},
   title={Increasing your teamâ€™s bus factor},
   url={https://eight2late.wordpress.com/2008/09/03/increasing-your-teams-bus-factor/},
   urldate = {2016-02-27},
}

@book{BeckExtremeProgramming2000,
  title={Extreme Programming Explained: Embrace Change},
  author = {Beck, Kent},
  publisher={Addison-Wesley Professional},
  year={2000}
}

@book{BeckExtremeProgramming2004,
  title={Extreme Programming Explained: Embrace Change (2nd Edition)},
  author = {Beck, Kent and Andres, Cynthia},
  publisher={Addison-Wesley Professional},
  year={2004}
}

@inproceedings{BirdDontTouchMyCodeLong,
 author = {Bird, Christian and Nagappan, Nachiappan and Murphy, Brendan and Gall, Harald and Devanbu, Premkumar},
 title = {Don'T Touch My Code!: Examining the Effects of Ownership on Software Quality},
 booktitle = {Proceedings of the 19th ACM SIGSOFT Symposium and the 13th European Conference on Foundations of Software Engineering},
 year = {2011},
 isbn = {978-1-4503-0443-6},
 location = {Szeged, Hungary},
 numpages = {11},
 url = {http://doi.acm.org/10.1145/2025113.2025119},
 doi = {10.1145/2025113.2025119},
 acmid = {2025119},
 publisher = {ACM},
} 

@inproceedings{BirdDontTouchMyCode,
 author = {Bird, Christian and Nagappan, Nachiappan and Murphy, Brendan and Gall, Harald and Devanbu, Premkumar},
 title = {Don'T Touch My Code!: Examining the Effects of Ownership on Software Quality},
 booktitle = {Proceedings of the 19th ACM SIGSOFT Symposium and the 13th European Conference on Foundations of Software Engineering},
 year = {2011},
 isbn = {978-1-4503-0443-6},
 location = {Szeged, Hungary},
 numpages = {11},
 acmid = {2025119},
 publisher = {ACM},
} 

@book{CharmazLong,
  title={Constructing Grounded Theory},
  author={Charmaz, K.},
  isbn={9781446293492},
  series={Introducing Qualitative Methods series},
  url={https://books.google.com/books?id=y0ooAwAAQBAJ},
  year={2014},
  publisher={SAGE Publications}
}

@book{Charmaz,
  title={Constructing Grounded Theory},
  author={Charmaz, K.},
  isbn={9781446293492},
  year={2014},
  publisher={SAGE Publications}
}

@inproceedings{ChongNominum,
 author = {Chong, Jan},
 title = {Social Behaviors on XP and non-XP Teams: A Comparative Study},
 booktitle = {Proceedings of the Agile Development Conference},
 series = {ADC '05},
 year = {2005},
 isbn = {0-7695-2487-7},
 numpages = {10},
 acmid = {1122092},
 publisher = {IEEE Computer Society},
 address = {Washington, DC, USA},
} 

@inproceedings{Coplien1994,
 title={A generative development process pattern language},
 author={Coplien, James O},
 booktitle = {Proceedings of PLoP/94},
 year = {1994},
 location = {Monticello, Illinois},
} 

@book{GlaserIssues,
  title={Doing Grounded Theory: Issues and Discussions},
  author={Glaser, Barney G},
  year={1998},
  publisher={Sociology Press}
}

@book{GlaserTheoreticalSensitivityLong,
  title={Theoretical Sensitivity: Advances in the Methodology of Grounded Theory},
  author={Glaser, B.G.},
  lccn={lc78113442},
  url={https://books.google.com/books?id=73-2AAAAIAAJ},
  year={1978},
  publisher={Sociology Press}
}

@book{GlaserTheoreticalSensitivity,
  title={Theoretical Sensitivity: Advances in the Methodology of Grounded Theory},
  author={Glaser, B.G.},
  year={1978},
  publisher={Sociology Press}
}

@book{Goose,
  title={Growing object-oriented software, guided by tests},
  author={Freeman, Steve and Pryce, Nat},
  year={2009},
  publisher={Pearson Education}
}

@article{Lee2003generalizing,
  title={Generalizing generalizability in information systems research},
  author={Lee, Allen S and Baskerville, Richard L},
  journal={Information systems research},
  year={2003},
  publisher={Informs}
}

@article{McConnellTechnicalDebt,
  title={Managing technical debt},
  author={McConnell, Steve},
  journal={Construx Software Builders, Inc},
  pages={1--14},
  year={2008}
}

@inproceedings{RalphProcessTheories,
  title={Evaluating process theories in software engineering},
  author={Ralph, Paul},
  booktitle={Proceedings of the 3rd SEMAT Workshop on General Theories of Software Engineering},
  pages={5--8},
  year={2014},
  organization={ACM}
}

@online{RainsbergerIntegrationTestsBlog,
  author = { Rainsberger, J.B.},
  title = { Integration Tests Are A Scam },
  year = 2010,
  url = {http://blog.thecodewhisperer.com/permalink/integrated-tests-are-a-scam},
  urldate = {2016-02-14}
}

@online{RainsbergerIntegrationTestsYouTube,
  author = { Rainsberger, J.B.},
  title = { Integration Tests Are A Scam },
  year = 2013,
  url = {https://www.youtube.com/watch?v=VDfX44fZoMc},
  urldate = {2016-02-14}
}

@book{SchwaberScrum,
  title = {Agile Software Development with Scrum},
  author = {Schwaber, Ken and Beedle, Mike},
  publisher = {Prentice Hall PTR},
  year={2001}
}

@inproceedings{StolGTinSE,
   author = {Stol, Klaas-Jan and Ralph, Paul and Fitzgerald, Brian},
   title = {Grounded Theory in Software Engineering Research: A Critical Review and Guideline},
   booktitle = {Proceedings of the 2016 International Conference on Software Engineering},
   series = {ICSE '16},
   year = {2016},
   location = {Austin, Texas, USA},
}

@article{ShookNummi,
  title={How to change a culture: Lessons from NUMMI},
  author={Shook, John},
  journal={MIT Sloan Management Review},
  year={2010},
  publisher={Massachusetts Institute of Technology}
}

@article{TuckmanModel,
  title={Developmental sequence in small groups.},
  author={Tuckman, Bruce W},
  journal={Psychological bulletin},
  year={1965},
  publisher={American Psychological Association}
}

@online{WellsIntegrateOften,
   author={Wells, Don},
   title={Integrate Often},
   year={1999},
   url={http://www.extremeprogramming.org/rules/integrateoften.html},
   urldate = {2016-02-27},
}

@online{WikiTruckNumber,
   title={TruckNumber},
   url={http://c2.com/cgi/wiki?TruckNumberFixed},
   urldate = {2016-02-27},
}

